@manual{ap503,
title = {Versuchsanleitung zu Versuch Nr. 503 Der Millikan-Öltröpfchenversuch},
year = 2023,
organization = {Fakultät Physik, TU Dortmund},
}

@online{luftdichte,
title= {Luftdichte - Dichte der Luft bestimmen},
url= {https://tlk-energy.de/tools/dichte-luft#:~:text=Die%20Dichte%20von%20Luft%20ist%20abh%C3%A4ngig%20von%20Druck%2C,%28rho%29%20l%C3%A4sst%20sich%20dementsprechend%20mit%20folgender%20Formel%20berechnen%3A},
urldate ={2023-05-06},
}
